@manual{ref:rosbash,
  title        = {Package summary of rosbash on ROS Wiki},
  author       = {Jeremy Leibs and Thibault Kruse and Dirk Thomas},
  organization = {ROS.org},
  year         = {2021},
  month        = {Jan},
  url          = {http://wiki.ros.org/rosbash},
  urldate      = {2022-03-18},
}

@manual{ref:ass3_manual,
  title        = {Manual for ELEC230 assignment 3},
  organization = {University of Liverpool},
  year         = {2022},
}