@misc{ref:lecture5,
  author       = {Simon Maskell},
  title        = {Control theory lecture 5 notes},
  month        = {February},
  year         = {2022},
  organization = {University of Liverpool}
}
