@misc{lab_script,
  title = {Lab script of academic year 2021-2022 ELEC222 experiment 17},
  publisher = {Department of Electrical Engineering and Electronics, University of Liverpool},
  month = {Sep},
  year = 2019,
  url = {https://liverpool.instructure.com/courses/46671/files/6154406},
}

@manual{TENMA-72-1016,
  title = {TENMA Model 72-1016 operating manual},
  organization = {Tenma Test Equipment},
  year = 2006,
  url = {http://www.farnell.com/datasheets/92084.pdf},
}

@manual{Tektronix-TBS1052B-EDU,
  title = {Texktronix TBS1000B and TBS1000B-EDU series digital storage oscilloscopes user manual},
  orgnization = {Tektronics},
  url = {https://download.tek.com/manual/TBS1000B-User-Manual-077088601_2.pdf},
}
