@misc{ref:boxvsgaussian,
  title        = {Penn State CSE486 Lecture 4 Smoothing},
  author       = {Robert Collins},
  organization = {Penn State University},
  url          = {https://www.cse.psu.edu/~rtc12/CSE486/lecture04.pdf},
  urldate      = {2022-05-08},
}

@misc{ref:canny_ttl,
  title        = {Canny Edge Detection},
  organization = {OpenCV},
  url          = {https://docs.opencv.org/4.x/da/d22/tutorial_py_canny.html},
  urldate      = {2022-05-08},
}

@manual{ref:ass3_manual,
  title        = {Manual for ELEC230 assignment 3},
  organization = {University of Liverpool},
  year         = {2022},
}