@misc{ref:assignment_brief,
  author    = {Jeremy Smith},
  title     = {{ELEC} 373 Assignment 3 brief},
  month     = {March},
  year      = {2023},
  publisher = {University of Liverpool}
}
