@misc{ref:lecture_notes,
  author    = {Professor Jeremy Smith},
  title     = {Lecture notes in Digital System Design},
  month     = {December},
  year      = {2022},
  publisher = {University of Liverpool}
}

@misc{ref:assignment_brief,
  author    = {Professor Jeremy Smith},
  title     = {Assignment 1 and 2 brief},
  month     = {December},
  year      = {2022},
  publisher = {University of Liverpool}
}
