% https://bibtex.com/format/templates/
% https://web.mit.edu/rsi/www/pdfs/bibtex-format.pdf
% https://tex.stackexchange.com/questions/516802/what-are-differences-amongst-conference-proceedings-and-inproceedings

@online{ref:manually,
  title = {Crate making | Plastic crate manufacturing machine video | 900 ton.},
  date = {2022},
  organization = {Youtube},
  author = {plastic by Kj},
  url = {https://youtu.be/uWTRfoDSRzc},
}

@misc{ref:robot-cell-design-principles,
  author = {INLEARC},
  title = {Robot cell design principles},
  howpublished = {Available at \url{https://www.tthk.ee/inlearcs/5-robot-cell-design-principles/} (2023/05/07)}
}
