@misc{statement-of-ethical-principles,
  title = {Statement of ethical principles for the engineering profession},
  organization = {Engineering Council and Royal Academy of Engineering},
  url = {https://raeng.org.uk/publications/reports/statement-of-ethical-principles},
}
